% Encoding: UTF-8

@Article{Hetrick:1995wq,
  author        = {Hetrick, J.E. and Hosotani, Y. and Iso, S.},
  journal       = {Phys. Lett. B},
  title         = {{The Massive multi - flavor Schwinger model}},
  year          = {1995},
  pages         = {92--102},
  volume        = {350},
  archiveprefix = {arXiv},
  doi           = {10.1016/0370-2693(95)00310-H},
  eprint        = {hep-th/9502113},
  reportnumber  = {UMN-TH-1324-95, AZPH-TH-95-1, UT-698},
}

@Article{Hetrick:1995yx,
  author        = {Hetrick, J.E. and Hosotani, Y. and Iso, S.},
  journal       = {Phys. Rev. D},
  title         = {{The Interplay between mass, volume, vacuum angle and chiral condensate in N flavor QED in two-dimensions}},
  year          = {1996},
  pages         = {7255--7259},
  volume        = {53},
  archiveprefix = {arXiv},
  doi           = {10.1103/PhysRevD.53.7255},
  eprint        = {hep-th/9510090},
  groups        = {Finite temperature Schwinger model - massive},
  reportnumber  = {AZPH-TH-95-25, UMN-TH-1410-95, UT-722A},
}

@InProceedings{Hosotani:1995zg,
  author        = {Hosotani, Yutaka},
  booktitle     = {{Nihon University Workshop on Fundamental Problems in Particle Physics}},
  title         = {{More about the massive multiflavor Schwinger model}},
  year          = {1995},
  month         = {5},
  pages         = {64--69},
  archiveprefix = {arXiv},
  eprint        = {hep-th/9505168},
  reportnumber  = {UMN-TH-1347-95},
}

@InProceedings{Hosotani:1995gn,
  author        = {Hosotani, Yutaka},
  booktitle     = {{4th Workshop on Thermal Field Theories and Their Applications}},
  title         = {{Massive multi - flavor Schwinger model at finite temperature and on compact space}},
  year          = {1995},
  month         = {10},
  pages         = {355--364},
  archiveprefix = {arXiv},
  eprint        = {hep-ph/9510387},
  reportnumber  = {UMN-TH-1412-95},
}

@Article{Rodriguez:1996zj,
  author        = {Rodriguez, Ramon and Hosotani, Yutaka},
  journal       = {Phys. Lett. B},
  title         = {{Confinement and chiral condensates in 2-D QED with massive n flavor fermions}},
  year          = {1996},
  pages         = {273--284},
  volume        = {375},
  archiveprefix = {arXiv},
  doi           = {10.1016/0370-2693(96)00240-7},
  eprint        = {hep-th/9602029},
  reportnumber  = {UMN-TH-1421-96, NUC-MINN-96-2-T},
}

@InProceedings{Hosotani:1996hy,
  author        = {Hosotani, Y. and Rodriguez, R. and Hetrick, J.E. and Iso, S.},
  booktitle     = {{2nd Workshop on Continuous Advances in QCD}},
  title         = {{Confinement and chiral dynamics in the multiflavor Schwinger model}},
  year          = {1996},
  month         = {3},
  pages         = {382--390},
  archiveprefix = {arXiv},
  eprint        = {hep-th/9606129},
  reportnumber  = {UMN-TH-1430-96, AZPH-TH-96-15},
}

@InProceedings{Rodriguez:1996df,
  author        = {Rodriguez, R. and Hosotani, Y. and Hetrick, J.E. and Iso, S.},
  booktitle     = {{9th Annual Divisional Meeting (DPF 96) of the Division of Particles and Fields of the American Physical Society}},
  title         = {{Aspects of confinement and chiral dynamics in 2-D QED at finite temperature}},
  year          = {1996},
  month         = {8},
  pages         = {622--624},
  archiveprefix = {arXiv},
  eprint        = {hep-th/9608123},
  reportnumber  = {UMN-TH-1507-96, NUC-MINN-96-14-T},
}

@Article{Hosotani:1996wq,
  author        = {Hosotani, Yutaka and Rodriguez, Ramon},
  journal       = {Phys. Lett. B},
  title         = {{Anomalous behavior in the massive Schwinger model}},
  year          = {1996},
  pages         = {121--128},
  volume        = {389},
  archiveprefix = {arXiv},
  doi           = {10.1016/S0370-2693(96)01252-X},
  eprint        = {hep-th/9608176},
  reportnumber  = {UMN-TH-1504-96, NUC-MINN-96-13-T},
}

@InProceedings{Hosotani:1997pr,
  author        = {Hosotani, Y.},
  booktitle     = {{International Workshop on Perspectives of Strong Coupling Gauge Theories (SCGT 96)}},
  title         = {{Chiral dynamics in weak, intermediate, and strong coupling QED in two-dimensions}},
  year          = {1997},
  month         = {3},
  pages         = {390--397},
  archiveprefix = {arXiv},
  eprint        = {hep-th/9703153},
  reportnumber  = {UMN-TH-1531-97},
}

@Article{Hosotani:1998za,
  author        = {Hosotani, Yutaka and Rodriguez, Ramon},
  journal       = {J. Phys. A},
  title         = {{Bosonized massive N flavor Schwinger model}},
  year          = {1998},
  pages         = {9925--9955},
  volume        = {31},
  archiveprefix = {arXiv},
  doi           = {10.1088/0305-4470/31/49/013},
  eprint        = {hep-th/9804205},
  reportnumber  = {UMN-TH-1610-98},
}

@Article{Hosotani:1998kd,
  author        = {Hosotani, Yutaka},
  journal       = {Phys. Rev. B},
  title         = {{Antiferromagnetic S = 1/2 Heisenberg chain and the two flavor massless Schwinger model}},
  year          = {1999},
  pages         = {6198--6199},
  volume        = {60},
  archiveprefix = {arXiv},
  doi           = {10.1103/PhysRevB.60.6198},
  eprint        = {hep-th/9809066},
  reportnumber  = {UMN-TH-1717-98},
}

@Article{Hosotani:1997kv,
  author        = {Hosotani, Yutaka},
  journal       = {J. Phys. A},
  title         = {{Gauge theory description of spin ladders}},
  year          = {1997},
  note          = {[Erratum: J.Phys.A 31, 7415--7416 (1998)]},
  pages         = {L757--L764},
  volume        = {30},
  archiveprefix = {arXiv},
  doi           = {10.1088/0305-4470/30/22/003},
  eprint        = {cond-mat/9707129},
  reportnumber  = {UMN-TH-1545-97},
}

@Article{Affleck:1985wa,
  author       = {Affleck, Ian},
  journal      = {Nucl. Phys. B},
  title        = {{On the Realization of Chiral Symmetry in (1+1)-dimensions}},
  year         = {1986},
  pages        = {448--468},
  volume       = {265},
  doi          = {10.1016/0550-3213(86)90168-9},
  groups       = {Finite temperature Schwinger model - massless},
  reportnumber = {SACLAY-SPHT-85-122},
}

@Article{Sachs:1991en,
  author        = {Sachs, Ivo and Wipf, Andreas},
  journal       = {Helv. Phys. Acta},
  title         = {{Finite temperature Schwinger model}},
  year          = {1992},
  pages         = {652--678},
  volume        = {65},
  archiveprefix = {arXiv},
  eprint        = {1005.1822},
  groups        = {Finite temperature Schwinger model - massless},
  primaryclass  = {hep-th},
  reportnumber  = {ETH-TH-91-15},
}

@Article{Hip:1997em,
  author        = {Hip, I. and Lang, C.B. and Teppner, R.},
  journal       = {Nucl. Phys. B Proc. Suppl.},
  title         = {{Chiral symmetry in the two flavor lattice Schwinger model}},
  year          = {1998},
  pages         = {682--684},
  volume        = {63},
  archiveprefix = {arXiv},
  doi           = {10.1016/S0920-5632(97)00871-2},
  editor        = {Davies, C.T.H. and Barbour, I.M. and Bowler, K.C. and Kenway, R.D. and Pendleton, B.J. and Richards, D.G.},
  eprint        = {hep-lat/9709030},
  groups        = {Schwinger model - Wilson fermions},
  reportnumber  = {UNIGRAZ-UTP-11-09-97},
}

@Article{Gattringer:1999gt,
  author        = {Gattringer, Christof and Hip, Ivan and Lang, C.B.},
  journal       = {Phys. Lett. B},
  title         = {{The Chiral limit of the two flavor lattice Schwinger model with Wilson fermions}},
  year          = {1999},
  pages         = {287--292},
  volume        = {466},
  archiveprefix = {arXiv},
  doi           = {10.1016/S0370-2693(99)01116-8},
  eprint        = {hep-lat/9909025},
  groups        = {Schwinger model - Wilson fermions},
  reportnumber  = {UNIGRAZ-UTP-09-03-99, MIT-CTP-2899},
}

@Comment{jabref-meta: databaseType:bibtex;}

@Comment{jabref-meta: grouping:
0 AllEntriesGroup:;
1 StaticGroup:Finite temperature Schwinger model - massive\;0\;1\;0x8a8a8aff\;\;\;;
1 StaticGroup:Finite temperature Schwinger model - massless\;0\;1\;0x8a8a8aff\;\;\;;
1 StaticGroup:Schwinger model - Wilson fermions\;0\;0\;0x8a8a8aff\;\;\;;
}
